<record><leader>00000cas a2200000 a 4500</leader><controlfield tag="001">12741175</controlfield><controlfield tag="008">851031d19031921inudn ne      0    0eng c</controlfield><datafield ind1=" " ind2=" " tag="010"><subfield code="a">sn 85048095 </subfield></datafield><datafield ind1=" " ind2=" " tag="040"><subfield code="a">NPI</subfield><subfield code="b">eng</subfield><subfield code="c">NPI</subfield><subfield code="d">OCLCQ</subfield><subfield code="d">IUL</subfield><subfield code="d">OCLCF</subfield></datafield><datafield ind1="1" ind2=" " tag="029"><subfield code="a">AU@</subfield><subfield code="b">000023435371</subfield></datafield><datafield ind1=" " ind2=" " tag="042"><subfield code="a">pcc</subfield></datafield><datafield ind1=" " ind2=" " tag="043"><subfield code="a">n-us-in</subfield></datafield><datafield ind1="0" ind2="4" tag="245"><subfield code="a">The Jeffersonville star.</subfield></datafield><datafield ind1="3" ind2="0" tag="246"><subfield code="a">Jeffersonville evening star</subfield></datafield><datafield ind1=" " ind2=" " tag="260"><subfield code="a">Jeffersonville, Ind. :</subfield><subfield code="b">Jeffersonville Print. Co.,</subfield><subfield code="c">-1921.</subfield></datafield><datafield ind1=" " ind2=" " tag="300"><subfield code="a">21 volumes</subfield></datafield><datafield ind1=" " ind2=" " tag="310"><subfield code="a">Daily (except Sunday)</subfield></datafield><datafield ind1="1" ind2=" " tag="362"><subfield code="a">Began with Sept. 2, 1903 issue.</subfield></datafield><datafield ind1="0" ind2=" " tag="362"><subfield code="a">-vol. 21, no. 28 (December 31, 1921).</subfield></datafield><datafield ind1=" " ind2=" " tag="580"><subfield code="a">Published also in a weekly edition called: Clark County Republican (Jeffersonville, Ind. : 1902).</subfield></datafield><datafield ind1=" " ind2=" " tag="588"><subfield code="a">Description based on: Vol. 1, no. 14 (Sept. 16, 1903).</subfield></datafield><datafield ind1=" " ind2="0" tag="651"><subfield code="a">Jeffersonville (Ind.)</subfield><subfield code="v">Newspapers.</subfield></datafield><datafield ind1=" " ind2="0" tag="651"><subfield code="a">Clark County (Ind.)</subfield><subfield code="v">Newspapers.</subfield></datafield><datafield ind1=" " ind2="7" tag="655"><subfield code="a">Newspapers.</subfield><subfield code="2">fast</subfield><subfield code="0">(OCoLC)fst01423814</subfield></datafield><datafield ind1=" " ind2="7" tag="651"><subfield code="a">Indiana</subfield><subfield code="z">Clark County.</subfield><subfield code="2">fast</subfield><subfield code="0">(OCoLC)fst01205463</subfield></datafield><datafield ind1=" " ind2="7" tag="651"><subfield code="a">Indiana</subfield><subfield code="z">Jeffersonville.</subfield><subfield code="2">fast</subfield><subfield code="0">(OCoLC)fst01212579</subfield></datafield><datafield ind1=" " ind2=" " tag="752"><subfield code="a">United States</subfield><subfield code="b">Indiana</subfield><subfield code="c">Clark</subfield><subfield code="d">Jeffersonville.</subfield></datafield><datafield ind1="1" ind2=" " tag="775"><subfield code="t">Clark County Republican (Jeffersonville, Ind. : 1902)</subfield><subfield code="w">(DLC)sn 85048094</subfield><subfield code="w">(OCoLC)12741438</subfield></datafield><datafield ind1="0" ind2="7" tag="785"><subfield code="t">Evening news (Jeffersonville, Ind. : 1897)</subfield><subfield code="w">(DLC)sn 85048138</subfield><subfield code="w">(OCoLC)12744507</subfield></datafield><datafield ind1="0" ind2="7" tag="785"><subfield code="t">Evening news and The Jeffersonville star</subfield><subfield code="w">(DLC)sn 85048134</subfield><subfield code="w">(OCoLC)12744540</subfield></datafield><datafield ind1="4" ind2="1" tag="856"><subfield code="u">https://access.newspaperarchive.com/us/indiana/jeffersonville/jeffersonville-evening-journal/</subfield></datafield><datafield ind1="4" ind2="1" tag="856"><subfield code="u">https://access.newspaperarchive.com/us/indiana/jeffersonville/jeffersonville-star</subfield></datafield></record>